% This file was created with JabRef 2.10b2.
% Encoding: UTF-8


@book{buckel2013supraleitung,
  title={Supraleitung: Grundlagen und Anwendungen},
  author={Buckel, Werner and Kleiner, Reinhold},
  year={2013},
  publisher={John Wiley \& Sons}
}

@book{enss2011tieftemperaturphysik,
  title={Tieftemperaturphysik},
  author={Enss, Christian and Hunklinger, Siegfried},
  year={2011},
  publisher={Springer-Verlag}
}

@book{tidecks1990current,
  title={Current-induced nonequilibrium phenomena in quasi-one-dimensional superconductors},
  author={Tidecks, Reinhard},
  year={1990},
  publisher={Springer}
}

@article{pike1971,
  author = {G. E. Pike},
  title = {Superconductor Energy Gaps from Tunneling},
  journal = {Journal of Applied Physics},
  volume = {42},
  number = {2},
  pages = {883-884},
  year = {1971},
  doi = {10.1063/1.1660118},
}

@article{giaever1961study,
  title={Study of superconductors by electron tunneling},
  author={Giaever, Ivar and Megerle, Karl},
  journal={Physical Review},
  volume={122},
  number={4},
  pages={1101},
  year={1961},
  publisher={APS}
}
